%% This BibTeX bibliography file was created using BibDesk.
%% http://bibdesk.sourceforge.net/


%% Created for Shengying Pan at 2014-03-04 21:58:27 -0500 


%% Saved with string encoding Unicode (UTF-8) 



@article{roy,
	Author = {C. K. Roy and J. R. Cordy},
	Date-Added = {2014-03-05 02:48:14 +0000},
	Date-Modified = {2014-03-05 02:58:27 +0000},
	Journal = {Proceedings of the 15th Working Conference on Reverse Engineering},
	Pages = {81-90},
	Title = {An empirical study of function clones in open source software systems},
	Year = {2008}}

@article{baker,
	Author = {B. Baker},
	Date-Added = {2014-03-05 02:24:39 +0000},
	Date-Modified = {2014-03-05 02:26:33 +0000},
	Journal = {Proceedings of the 2nd Working Conference on Reverse Engineering},
	Pages = {86-95},
	Title = {On finding duplication and near-duplication in large software systems},
	Year = {1995}}
